 @article{Breiman2001,
    author = {Leo Breiman},
    journal = {Machine Learning},
    number = {1},
    pages = {5-32},
    title = {Random Forests},
    volume = {45},
    year = {2001}
 }
 
  @book{Quinlan1993,
    address = {San Mateo, CA},
    author = {Ross Quinlan},
    publisher = {Morgan Kaufmann Publishers},
    title = {C4.5: Programs for Machine Learning},
    year = {1993},
    note = {J48 algorithm}
 }
 
 @article{Ware2001,
    author = {Malcolm Ware and Eibe Frank and Geoffrey Holmes and Mark Hall and Ian H. Witten},
    journal = {Int. J. Hum.-Comput. Stud.},
    number = {3},
    pages = {281-292},
    title = {Interactive machine learning: letting users build classifiers},
    volume = {55},
    year = {2001},
    PS = {http://www.cs.waikato.ac.nz/\~ml/publications/2000/00MW-etal-Interactive-ML.ps}
 }
 
@book{Witten2011,
author = {Witten, I. H. (Ian H.) and Frank, Eibe and Hall, Mark A. (Mark Andrew) and Pal, Christopher J.},
isbn = {9780128043578},
pages = {232-241},
title = {{Data mining : practical machine learning tools and techniques}},
year = {2011}
}

@book{Kuhn2013,
  doi = {10.1007/978-1-4614-6849-3},
  url = {https://doi.org/10.1007/978-1-4614-6849-3},
  year  = {2013},
  publisher = {Springer New York},
  author = {Max Kuhn and Kjell Johnson},
  title = {Applied Predictive Modeling},
  pages = {70-71},
  notes = {k-means crossfold}
}

@book{Witten2011,
author = {Witten, I. H. (Ian H.) and Frank, Eibe and Hall, Mark A. (Mark Andrew) and Pal, Christopher J.},
isbn = {9780128043578},
pages = {88},
title = {{Data mining : practical machine learning tools and techniques}},
year = {2011}
}

@misc{Mahanta2017,
url={https://www.kdnuggets.com/2017/04/simple-understand-gradient-descent-algorithm.html},
title={How to understand Gradient Descent algorithm},
author={Mahanta,Jahnavi},
year={2017}
}

@misc{Brownlee2017,
title={What is the Difference Between Test and Validation Datasets?},
url={https://machinelearningmastery.com/difference-test-validation-datasets/},
author={Brownlee,Jason}
}

@misc{Lavrenko2014,
author= { Lavrenko,Victor},
url = {https://www.youtube.com/watch?v=Q4NVG1IHQOU},
title = {Decision Tree 5: overfitting and pruning}
}

@misc{Zulkifli2018,
title = {Understanding Learning Rates and How It Improves Performance in Deep Learning},
url = {https://towardsdatascience.com/understanding-learning-rates-and-how-it-improves-performance-in-deep-learning-d0d4059c1c10},
author = {Zulkifli,Hafidz}
year = {2018}
}

@misc{Surmenok2017, 
title = {Estimating an Optimal Learning Rate For a Deep Neural Network},
url = {https://towardsdatascience.com/estimating-optimal-learning-rate-for-a-deep-neural-network-ce32f2556ce0},
author = {Surmenok,Pavel},
year = {2017}
}

@article{goh2017why,
  author = {Goh, Gabriel},
  title = {Why Momentum Really Works},
  journal = {Distill},
  year = {2017},
  url = {http://distill.pub/2017/momentum},
  doi = {10.23915/distill.00006}
}

@misc{SHARMA2017,
author = {SHARMA,SAGAR},
url = {https://towardsdatascience.com/epoch-vs-iterations-vs-batch-size-4dfb9c7ce9c9},
title = {Epoch vs Batch Size vs Iterations}
}









